[gd_scene load_steps=18 format=2]

[ext_resource path="res://src/scripts/character_control.gd" type="Script" id=1]
[ext_resource path="res://src/scenes/Character/Character.tscn" type="PackedScene" id=2]
[ext_resource path="res://assets/sprites/characters/02-Alice/Attack.png" type="Texture" id=3]
[ext_resource path="res://assets/sprites/characters/02-Alice/Draw.png" type="Texture" id=4]
[ext_resource path="res://assets/sprites/characters/02-Alice/Rest.png" type="Texture" id=5]
[ext_resource path="res://assets/sprites/characters/02-Alice/Avatar.png" type="Texture" id=6]
[ext_resource path="res://assets/sprites/characters/02-Alice/Defeat.png" type="Texture" id=7]
[ext_resource path="res://assets/sprites/characters/03-Emily/Defeat.png" type="Texture" id=8]
[ext_resource path="res://assets/sprites/characters/03-Emily/Avatar.png" type="Texture" id=9]
[ext_resource path="res://assets/sprites/characters/03-Emily/Rest.png" type="Texture" id=10]
[ext_resource path="res://assets/sprites/characters/04-Anna/Rest.png" type="Texture" id=11]
[ext_resource path="res://assets/sprites/characters/03-Emily/Attack.png" type="Texture" id=12]
[ext_resource path="res://assets/sprites/characters/03-Emily/Draw.png" type="Texture" id=13]
[ext_resource path="res://assets/sprites/characters/04-Anna/Avatar.png" type="Texture" id=14]
[ext_resource path="res://assets/sprites/characters/04-Anna/Attack.png" type="Texture" id=15]
[ext_resource path="res://assets/sprites/characters/04-Anna/Draw.png" type="Texture" id=16]
[ext_resource path="res://assets/sprites/characters/04-Anna/Defeat.png" type="Texture" id=17]

[node name="CharacterControl" type="Node2D"]
script = ExtResource( 1 )

[node name="Jo" parent="." instance=ExtResource( 2 )]
char_name = "Jô"

[node name="States" parent="Jo" index="1"]
margin_left = 0.0
margin_right = 640.0

[node name="Attack" parent="Jo/States" index="1"]
visible = true

[node name="Defeat" parent="Jo/States" index="2"]
visible = true

[node name="Draw" parent="Jo/States" index="3"]
visible = true

[node name="Alice" parent="." instance=ExtResource( 2 )]
char_name = "Alice"

[node name="Avatar" parent="Alice/Icon/Inside" index="1"]
anchor_left = -0.54
anchor_top = -0.288889
anchor_right = 1.22
anchor_bottom = 1.17778
texture = ExtResource( 6 )

[node name="States" parent="Alice" index="1"]
margin_left = 0.0
margin_right = 640.0

[node name="Idle" parent="Alice/States" index="0"]
texture = ExtResource( 3 )

[node name="Attack" parent="Alice/States" index="1"]
visible = true
texture = ExtResource( 5 )

[node name="Defeat" parent="Alice/States" index="2"]
visible = true
texture = ExtResource( 7 )

[node name="Draw" parent="Alice/States" index="3"]
visible = true
texture = ExtResource( 4 )

[node name="Emily" parent="." instance=ExtResource( 2 )]
char_name = "Emily"

[node name="Avatar" parent="Emily/Icon/Inside" index="1"]
anchor_left = 0.00887146
anchor_top = -0.192852
anchor_right = 1.52887
anchor_bottom = 1.02937
rect_scale = Vector2( 1.16, 1.12088 )
texture = ExtResource( 9 )

[node name="States" parent="Emily" index="1"]
margin_left = 0.0
margin_right = 640.0

[node name="Idle" parent="Emily/States" index="0"]
texture = ExtResource( 10 )

[node name="Attack" parent="Emily/States" index="1"]
visible = true
texture = ExtResource( 12 )

[node name="Defeat" parent="Emily/States" index="2"]
visible = true
texture = ExtResource( 8 )

[node name="Draw" parent="Emily/States" index="3"]
visible = true
texture = ExtResource( 13 )

[node name="Anna" parent="." instance=ExtResource( 2 )]
char_name = "Anna"

[node name="Avatar" parent="Anna/Icon/Inside" index="1"]
anchor_left = -0.952979
anchor_top = -0.413153
anchor_right = 1.34702
anchor_bottom = 1.23129
texture = ExtResource( 14 )

[node name="States" parent="Anna" index="1"]
margin_left = 0.0
margin_right = 726.0
margin_bottom = 420.0

[node name="Idle" parent="Anna/States" index="0"]
texture = ExtResource( 11 )

[node name="Attack" parent="Anna/States" index="1"]
visible = true
texture = ExtResource( 15 )

[node name="Defeat" parent="Anna/States" index="2"]
visible = true
texture = ExtResource( 17 )

[node name="Draw" parent="Anna/States" index="3"]
visible = true
texture = ExtResource( 16 )

[editable path="Jo"]

[editable path="Alice"]

[editable path="Emily"]

[editable path="Anna"]
