[gd_scene load_steps=9 format=2]

[ext_resource path="res://assets/sprites/misc/white square.png" type="Texture" id=1]
[ext_resource path="res://assets/fonts/MONTSERRAT.ttf" type="DynamicFontData" id=2]
[ext_resource path="res://src/scripts/Tools/name_slide.gd" type="Script" id=3]

[sub_resource type="Shader" id=10]
code = "shader_type canvas_item;

void fragment(){
	COLOR.a = UV.x;
	COLOR.r = 1.0 - UV.y/2.0;
}"

[sub_resource type="ShaderMaterial" id=11]
shader = SubResource( 10 )

[sub_resource type="DynamicFont" id=12]
size = 30
outline_size = 2
outline_color = Color( 0.00392157, 0.00392157, 0.00392157, 1 )
font_data = ExtResource( 2 )

[sub_resource type="Shader" id=13]
code = "shader_type canvas_item;

void fragment(){
	COLOR.a = UV.x;
	COLOR.r = 1.0 - UV.y/2.0;
}"

[sub_resource type="ShaderMaterial" id=14]
shader = SubResource( 13 )

[node name="NameSlide" type="HBoxContainer"]
anchor_right = 1.0
anchor_bottom = 1.0
script = ExtResource( 3 )
__meta__ = {
"_edit_use_anchors_": false
}

[node name="P1" type="Control" parent="."]
margin_right = 638.0
margin_bottom = 720.0
size_flags_horizontal = 3
size_flags_vertical = 3

[node name="Stripe" type="TextureRect" parent="P1"]
modulate = Color( 0.576471, 0.109804, 0.109804, 1 )
material = SubResource( 11 )
margin_left = -480.0
margin_top = 621.0
margin_right = -440.0
margin_bottom = 661.0
rect_scale = Vector2( 12, 1 )
texture = ExtResource( 1 )
expand = true
__meta__ = {
"_edit_use_anchors_": false
}

[node name="Name" type="Control" parent="P1"]
margin_left = -480.0
margin_top = 604.408
margin_bottom = 644.408
__meta__ = {
"_edit_group_": true,
"_edit_use_anchors_": false
}

[node name="Label" type="Label" parent="P1/Name"]
anchor_left = 0.56437
anchor_top = 0.5
anchor_right = 0.597703
anchor_bottom = 0.65
margin_left = 32.3889
margin_top = -20.0
margin_right = 114.389
margin_bottom = 12.0
grow_horizontal = 0
custom_fonts/font = SubResource( 12 )
text = "Nome"
valign = 3
uppercase = true
__meta__ = {
"_edit_use_anchors_": true
}

[node name="P2" type="Control" parent="."]
margin_left = 642.0
margin_right = 1280.0
margin_bottom = 720.0
size_flags_horizontal = 3
size_flags_vertical = 3

[node name="Stripe" type="TextureRect" parent="P2"]
modulate = Color( 0.109804, 0.192157, 0.576471, 1 )
material = SubResource( 14 )
margin_left = 640.0
margin_top = 621.0
margin_right = 680.0
margin_bottom = 661.0
rect_scale = Vector2( 12, 1 )
texture = ExtResource( 1 )
expand = true
flip_h = true
__meta__ = {
"_edit_use_anchors_": false
}

[node name="Name" type="Control" parent="P2"]
margin_left = 640.0
margin_top = 604.408
margin_right = 1120.0
margin_bottom = 644.408
__meta__ = {
"_edit_group_": true,
"_edit_use_anchors_": false
}

[node name="Label" type="Label" parent="P2/Name"]
anchor_left = 0.0945155
anchor_top = 0.5
anchor_right = 0.127849
anchor_bottom = 0.65
margin_left = 32.3889
margin_top = -20.0
margin_right = 114.389
margin_bottom = 12.0
grow_horizontal = 0
custom_fonts/font = SubResource( 12 )
text = "Nome"
valign = 3
uppercase = true
__meta__ = {
"_edit_use_anchors_": true
}
